@article{shamir2017optimal,
  title={An optimal algorithm for bandit and zero-order convex optimization with two-point feedback},
  author={Shamir, Ohad},
  journal={The Journal of Machine Learning Research},
  volume={18},
  number={1},
  pages={1703--1713},
  year={2017},
  publisher={JMLR. org}
}
@article{dvinskikh2022gradient,
  title={Gradient-Free Optimization for Non-Smooth Minimax Problems with Maximum Value of Adversarial Noise},
  author={Dvinskikh, Darina and Tominin, Vladislav and Tominin, Yaroslav and Gasnikov, Alexander},
  journal={arXiv preprint arXiv:2202.06114},
  year={2022}
}
@inproceedings{vural2022mirror,
  title={Mirror descent strikes again: Optimal stochastic convex optimization under infinite noise variance},
  author={Vural, Nuri Mert and Yu, Lu and Balasubramanian, Krishna and Volgushev, Stanislav and Erdogdu, Murat A},
  booktitle={Conference on Learning Theory},
  pages={65--102},
  year={2022},
  organization={PMLR}
}
@article{gorbunov2019upper,
  title={On the Upper Bound for the Expectation of the Norm of a Vector Uniformly Distributed on the Sphere and the Phenomenon of Concentration of Uniform Measure on the Sphere.},
  author={Gorbunov, EA and Vorontsova, Evgeniya Alekseevna and Gasnikov, Alexander Vladimirovich},
  journal={Mathematical Notes},
  volume={106},
  year={2019}
}
@article{ledoux2005concentration,
  title={The Concentration of Measure Phenomenon. Ed. by Peter Landweber et al. Vol. 89},
  author={Ledoux, Michel},
  journal={Mathematical Surveys and Monographs. Providence, Rhode Island: American Mathematical Society},
  pages={181},
  year={2005}
}